<?xml version="1.0" encoding="UTF-8"?><collection xmlns="http://www.loc.gov/MARC21/slim"><record><leader>00423nam--2200133-i-4500</leader><controlfield tag="001">000002102</controlfield><controlfield tag="002">20161230</controlfield><controlfield tag="005">20161230201024</controlfield><controlfield tag="008">060222s1000------------r-----000-0-eng-d</controlfield><datafield ind1=" " ind2=" " tag="100"><subfield code="a">Errera, J</subfield></datafield><datafield ind1=" " ind2=" " tag="245"><subfield code="a">Polarisation dielectrique.refraction des radiation depuis les rayons x jusqu aux ondes herziennes</subfield></datafield><datafield ind1=" " ind2=" " tag="260"><subfield code="a">Paris, A.Blanchard, 1928. 172 P</subfield></datafield><datafield ind1=" " ind2=" " tag="490"><subfield code="a">Recueil Des Conferences-rapports..Sur La Physique</subfield></datafield><datafield ind1=" " ind2=" " tag="852"><subfield code="a">644</subfield></datafield></record></collection>